<?xml version="1.0" encoding="UTF-8"?><collection xmlns="http://www.loc.gov/MARC21/slim"><record><leader>00456nam--2200169-u-4500</leader><controlfield tag="001">000051870</controlfield><controlfield tag="002">20161230</controlfield><controlfield tag="005">20161230201049</controlfield><controlfield tag="008">090324s1000------------r-----000-0-eng-d</controlfield><datafield ind1=" " ind2=" " tag="040"><subfield code="a">IFIN-HH</subfield></datafield><datafield ind1=" " ind2=" " tag="080"><subfield code="a">517.968.43</subfield></datafield><datafield ind1="1" ind2=" " tag="100"><subfield code="a">Guseinov,A.I. i Mukhtarov,Kh.Sh</subfield></datafield><datafield ind1="1" ind2="0" tag="245"><subfield code="a">Vvedenie v Teoriyu Nelineinykh Singulyarnkh Integralnykh Uravnenii</subfield></datafield><datafield ind1=" " ind2=" " tag="260"><subfield code="a">Moskva</subfield><subfield code="b">Nauka</subfield><subfield code="c">1980</subfield></datafield><datafield ind1=" " ind2=" " tag="300"><subfield code="a">416 p</subfield></datafield><datafield ind1=" " ind2=" " tag="852"><subfield code="a">49383</subfield><subfield code="c">517.9</subfield></datafield><datafield ind1=" " ind2=" " tag="CAT"><subfield code="a">Sys</subfield><subfield code="c">20090324</subfield><subfield code="h">094703</subfield></datafield></record></collection>